@ONLINE{wu:2015,
    author = {Wu, Changchang},
    title = {{V}isualSFM: {A} {V}isual {S}tructure from {M}otion {S}ystem},
    url = {http://ccwu.me/vsfm/},
    urldate = {2015-04-23}
}

@article{wu:2011,
  title={{V}isualSFM: {A} {V}isual {S}tructure from {M}otion {S}ystem},
	year=2011,
  author={Wu, Changchang},
  url={http://www.cs.washington.edu/homes/ccwu/vsfm}
}

@article{lowe:2004,
	year={2004},
	issn={0920-5691},
	journal={International Journal of Computer Vision},
	volume={60},
	number={2},
	doi={10.1023/B:VISI.0000029664.99615.94},
	title={Distinctive Image Features from Scale-Invariant Keypoints},
	url={http://dx.doi.org/10.1023/B%3AVISI.0000029664.99615.94},
	publisher={Kluwer Academic Publishers},
	keywords={invariant features; object recognition; scale invariance; image matching},
	author={Lowe, DavidG.},
	pages={91-110},
	language={English}
}

@inproceedings{kazhdan:2006,
  title={{P}oisson {S}urface {R}econstruction},
  author={Kazhdan, Michael and Bolitho, Matthew and Hoppe, Hugues},
  booktitle={Proceedings of the fourth Eurographics symposium on Geometry processing},
  volume={7},
  year={2006}
}
